<?xml version="1.0" encoding="UTF-8"?><record xmlns="http://www.loc.gov/MARC21/slim" xmlns:cinclude="http://apache.org/cocoon/include/1.0" xmlns:zs="http://www.loc.gov/zing/srw/">
  <leader>00618nz  a2200133n  4500</leader>
  <controlfield tag="001">no2001097098</controlfield>
  <controlfield tag="003">DLC</controlfield>
  <controlfield tag="005">20011208074945.0</controlfield>
  <controlfield tag="008">011207n| acannaabn          |n ana      </controlfield>
  <datafield tag="010" ind1=" " ind2=" ">
    <subfield code="a">no2001097098</subfield>
  </datafield>
  <datafield tag="035" ind1=" " ind2=" ">
    <subfield code="a">(OCoLC)oca05642093</subfield>
  </datafield>
  <datafield tag="040" ind1=" " ind2=" ">
    <subfield code="a">DLC-ON</subfield>
    <subfield code="b">eng</subfield>
    <subfield code="c">DLC-ON</subfield>
  </datafield>
  <datafield tag="110" ind1="1" ind2=" ">
    <subfield code="a">Karnataka (India).</subfield>
    <subfield code="b">High Power Committee for Redressal of Regional Imbalances</subfield>
  </datafield>
  <datafield tag="670" ind1=" " ind2=" ">
    <subfield code="a">First phase of recommendations of the High Power Committee for Redressal of Regional Imbalances, 2001:</subfield>
    <subfield code="b">p. 1 of 1st group (High Power Committee for Redressal of Regional Imbalances in Karnataka was inaugurated in Dec. 2000 by the chief minister of Karnataka)</subfield>
  </datafield>
</record>